% Use the following entry as a sample for a journal article
@article{doi:10.1063/1.478522,
author = {Carlo Adamo and Vincenzo Barone},
title = {Toward reliable density functional methods without
adjustable parameters: The PBE0 model},
journal = {The Journal of Chemical Physics},
volume = {110},
number = {13},
pages = {6158-6170},
year = {1999},
doi = {10.1063/1.478522},

URL = { 
        https://doi.org/10.1063/1.478522
    
},
eprint = { 
        https://doi.org/10.1063/1.478522
    
}

}

@article{doi:10.1021/cr0403741,
author = {Jungwirth, Pavel and Tobias, Douglas J.},
title = {Specific Ion Effects at the Air/Water Interface},
journal = {Chemical Reviews},
volume = {106},
number = {4},
pages = {1259-1281},
year = {2006},
doi = {10.1021/cr0403741},
    note ={PMID: 16608180},

URL = { 
        https://doi.org/10.1021/cr0403741
    
},
eprint = { 
        https://doi.org/10.1021/cr0403741
    
}

}

@article{doi:10.1021/cr020653t,
author = {Finlayson-Pitts, B. J.},
title = {The Tropospheric Chemistry of Sea Salt:  A Molecular-Level View of the Chemistry of NaCl and NaBr},
journal = {Chemical Reviews},
volume = {103},
number = {12},
pages = {4801-4822},
year = {2003},
doi = {10.1021/cr020653t},
    note ={PMID: 14664634},

URL = { 
        https://doi.org/10.1021/cr020653t
    
},
eprint = { 
        https://doi.org/10.1021/cr020653t
    
}

}

@article{doi:10.1063/1.478616,
author = {Patrick Ayotte and Gary H. Weddle and Mark A. Johnson},
title = {An infrared study of the competition between hydrogen-bond networking and ionic solvation: Halide-dependent distortions of the water trimer in the X−⋅(H2O)3, (X=Cl, Br, I) systems},
journal = {The Journal of Chemical Physics},
volume = {110},
number = {15},
pages = {7129-7132},
year = {1999},
doi = {10.1063/1.478616},

URL = { 
        https://doi.org/10.1063/1.478616
    
},
eprint = { 
        https://doi.org/10.1063/1.478616
    
}

}

@article{doi:10.1063/1.467965,
author = {Gil Markovich and Stuart Pollack and Rina Giniger and Ori Cheshnovsky},
title = {Photoelectron spectroscopy of Cl−, Br−, and I− solvated in water clusters},
journal = {The Journal of Chemical Physics},
volume = {101},
number = {11},
pages = {9344-9353},
year = {1994},
doi = {10.1063/1.467965},

URL = { 
        https://doi.org/10.1063/1.467965
    
},
eprint = { 
        https://doi.org/10.1063/1.467965
    
}

}

@misc{TURBOMOLE,
title = {{TURBOMOLE V7.2 2017}, a development of {University of Karlsruhe} and 
         {Forschungszentrum Karlsruhe GmbH}, 1989-2007, 
         {TURBOMOLE GmbH}, since 2007; available from \\ 
         {\tt http://www.turbomole.com}.}} 

@article {doi:10.1002/cbic.201600564,
author = {Steinhardt, Rachel C. and Rathbun, Colin M. and Krull, Brandon T. and Yu, Jason M. and Yang, Yuhang and Nguyen, Brian D. and Kwon, Jake and McCutcheon, David C. and Jones, Krysten A. and Furche, Filipp and Prescher, Jennifer A.},
title = {Brominated Luciferins Are Versatile Bioluminescent Probes},
journal = {ChemBioChem},
volume = {18},
number = {1},
issn = {1439-7633},
url = {http://dx.doi.org/10.1002/cbic.201600564},
doi = {10.1002/cbic.201600564},
pages = {96--100},
keywords = {Appel's salt, bioluminescence, imaging, luciferase, luciferin},
year = {2017},
}


